<record><leader>00000cas a2200000 a 4500</leader><controlfield tag="001">13880324</controlfield><controlfield tag="008">860716d18661870dcudn ne      0   a0eng  </controlfield><controlfield tag="009">3768</controlfield><datafield ind1=" " ind2=" " tag="010"><subfield code="a">sn 86053571 </subfield></datafield><datafield ind1=" " ind2=" " tag="040"><subfield code="a">NPX</subfield><subfield code="b">eng</subfield><subfield code="c">NPX</subfield><subfield code="d">NPA</subfield><subfield code="d">NPX</subfield><subfield code="d">DLC</subfield><subfield code="d">MGN</subfield><subfield code="d">CNW</subfield><subfield code="d">DCN</subfield><subfield code="d">CVF</subfield><subfield code="d">DCN</subfield><subfield code="d">DLC</subfield><subfield code="d">KRTAS</subfield><subfield code="d">DLC</subfield><subfield code="d">OCLCA</subfield><subfield code="d">OCLCF</subfield></datafield><datafield ind1=" " ind2=" " tag="012"><subfield code="l">a</subfield></datafield><datafield ind1="1" ind2=" " tag="022"><subfield code="a">2159-3841</subfield><subfield code="2">1</subfield></datafield><datafield ind1="1" ind2=" " tag="029"><subfield code="a">AU@</subfield><subfield code="b">000025792045</subfield></datafield><datafield ind1=" " ind2=" " tag="042"><subfield code="a">pcc</subfield><subfield code="a">nsdp</subfield></datafield><datafield ind1=" " ind2=" " tag="043"><subfield code="a">n-us-dc</subfield></datafield><datafield ind1="0" ind2="0" tag="050"><subfield code="a">Newspaper 7376</subfield></datafield><datafield ind1="0" ind2=" " tag="130"><subfield code="a">National Republican (Washington, D.C. : 1866)</subfield></datafield><datafield ind1=" " ind2="4" tag="222"><subfield code="a">The national Republican</subfield><subfield code="b">(Washington, D.C. 1866)</subfield></datafield><datafield ind1="1" ind2="4" tag="245"><subfield code="a">The national Republican.</subfield></datafield><datafield ind1=" " ind2=" " tag="260"><subfield code="a">Washington City [D.C.] :</subfield><subfield code="b">W.J. Murtagh &amp; Co.</subfield></datafield><datafield ind1=" " ind2=" " tag="300"><subfield code="a">v.</subfield></datafield><datafield ind1=" " ind2=" " tag="310"><subfield code="a">Daily (except Sunday)</subfield></datafield><datafield ind1="0" ind2=" " tag="362"><subfield code="a">Vol. 6, no. 107 (Apr. 2, 1866)-v. 11, no. 41 (Jan. 13, 1870).</subfield></datafield><datafield ind1=" " ind2=" " tag="500"><subfield code="a">Publishers: W.J. Murtagh &amp; Co., 1866-1867; W.J. Murtagh, 1867-1870.</subfield></datafield><datafield ind1=" " ind2=" " tag="500"><subfield code="a">Editor: S.P. Hanscom, 1866-1867.</subfield></datafield><datafield ind1=" " ind2=" " tag="530"><subfield code="a">Also available on microfilm from the Library of Congress, Photoduplication Service.</subfield></datafield><datafield ind1=" " ind2=" " tag="530"><subfield code="a">Archived issues are available in digital format as part of the Library of Congress Chronicling America online collection.</subfield></datafield><datafield ind1=" " ind2="0" tag="651"><subfield code="a">Washington (D.C.)</subfield><subfield code="v">Newspapers.</subfield></datafield><datafield ind1=" " ind2="7" tag="655"><subfield code="a">Newspapers.</subfield><subfield code="2">fast</subfield><subfield code="0">(OCoLC)fst01423814</subfield></datafield><datafield ind1=" " ind2="7" tag="651"><subfield code="a">Washington (D.C.)</subfield><subfield code="2">fast</subfield><subfield code="0">(OCoLC)fst01204505</subfield></datafield><datafield ind1=" " ind2=" " tag="752"><subfield code="a">United States</subfield><subfield code="b">District of Columbia</subfield><subfield code="d">Washington.</subfield></datafield><datafield ind1="0" ind2=" " tag="775"><subfield code="t">Weekly national Republican (Washington, D.C. : 1863)</subfield><subfield code="w">(DLC)sn 82014096</subfield><subfield code="w">(OCoLC)8769395</subfield></datafield><datafield ind1="0" ind2="0" tag="780"><subfield code="t">Daily national Republican (Washington, D.C. : 1862)</subfield><subfield code="x">2158-2831</subfield><subfield code="w">(DLC)sn 86053570</subfield><subfield code="w">(OCoLC)13879073</subfield></datafield><datafield ind1="0" ind2="0" tag="785"><subfield code="t">Daily national Republican (Washington, D.C. : 1870)</subfield><subfield code="x">2158-2858</subfield><subfield code="w">(DLC)sn 86053572</subfield><subfield code="w">(OCoLC)13888533</subfield></datafield><datafield ind1="4" ind2="1" tag="856"><subfield code="u">http://www.loc.gov/chroniclingamerica/lccn/sn86053571/issues</subfield></datafield><datafield ind1=" " ind2=" " tag="938"><subfield code="a">Kirtas Technologies, Inc.</subfield><subfield code="b">KRTS</subfield><subfield code="n">739663</subfield></datafield></record>